<record xmlns="http://www.loc.gov/MARC21/slim" xmlns:xsi="http://www.w3.org/2001/XMLSchema-instance" xsi:schemaLocation="http://www.loc.gov/MARC21/slim http://www.loc.gov/standards/marcxml/schema/MARC21slim.xsd"><leader>01256cz   2200265n  4500</leader><controlfield tag="001">oca01272085 </controlfield><controlfield tag="005">20000525064551.0</controlfield><controlfield tag="008">850207n| acannaabn          |a aaa      </controlfield><datafield ind1=" " ind2=" " tag="010"><subfield code="a">n  84216357 </subfield></datafield><datafield ind1=" " ind2=" " tag="040"><subfield code="a">DLC</subfield><subfield code="b">eng</subfield><subfield code="c">DLC</subfield><subfield code="d">CoU</subfield><subfield code="d">OCoLC</subfield></datafield><datafield ind1="1" ind2=" " tag="100"><subfield code="a">Valerius Flaccus, Gaius,</subfield><subfield code="d">1st cent.</subfield></datafield><datafield ind1="1" ind2=" " tag="400"><subfield code="a">Valerius Flaccus, C.</subfield><subfield code="w">nnaa</subfield></datafield><datafield ind1="1" ind2=" " tag="400"><subfield code="a">Valerius Flaccus, C.,</subfield><subfield code="d">1st cent.</subfield></datafield><datafield ind1="1" ind2=" " tag="400"><subfield code="a">Valerius Flaccus, Caius,</subfield><subfield code="d">1st cent.</subfield></datafield><datafield ind1="1" ind2=" " tag="400"><subfield code="a">Valerius Flaccus,</subfield><subfield code="d">1st cent.</subfield></datafield><datafield ind1="1" ind2=" " tag="400"><subfield code="a">Valerius Flaccus Setinus Balbus, C.,</subfield><subfield code="d">1st cent.</subfield></datafield><datafield ind1="1" ind2=" " tag="400"><subfield code="a">Flaccus, Gaius Valerius,</subfield><subfield code="d">1st cent.</subfield></datafield><datafield ind1="1" ind2=" " tag="400"><subfield code="a">Flacco, Valerio,</subfield><subfield code="d">1st cent.</subfield></datafield><datafield ind1="1" ind2=" " tag="400"><subfield code="a">Valerio Flacco,</subfield><subfield code="d">1st cent.</subfield></datafield><datafield ind1=" " ind2=" " tag="670"><subfield code="a">His Valerius Flaccus, 1503:</subfield><subfield code="b">p. 9 (C. Valerii Flacci Setini Balbi ...)</subfield></datafield><datafield ind1=" " ind2=" " tag="670"><subfield code="a">Oxford class. dict., 2nd ed.</subfield><subfield code="b">(Valerius Flaccus, Gaius, a poet; d. prematurely before completing 8th bk. of his Argonautica in 92 or 93)</subfield></datafield><datafield ind1=" " ind2=" " tag="670"><subfield code="a">New encycl. Brit.</subfield><subfield code="b">(Valerius Flaccus, Gaius (fl. 1st cent. A.D.))</subfield></datafield><datafield ind1=" " ind2=" " tag="670"><subfield code="a">Pauly-Wissowa:</subfield><subfield code="b">2. Reihe, 15. Halbbd., column 9 (C. Valerius Flaccus Setinus Balbus; probably deceased by ca. 93)</subfield></datafield><datafield ind1=" " ind2=" " tag="670"><subfield code="a">LC data base, 2-5-85</subfield><subfield code="b">(hdg.: Valerius Flaccus, C.; usage: Valerius Flaccus)</subfield></datafield><datafield ind1=" " ind2=" " tag="670"><subfield code="a">Salemme, C. Medea, 1991:</subfield><subfield code="b">t.p. (Valerio Flacco)</subfield></datafield></record>